@book{myers2011art,
  title={The art of software testing},
  author={Myers, Glenford J and Sandler, Corey and Badgett, Tom},
  year={2011},
  publisher={John Wiley \& Sons}
}

@article{tfidf1972,
  title={A statistical interpretation of term specificity and its application in retrieval},
  author={Karen Spärck Jones},
  journal={Journal of Documentation},
  year={1972},
  pages={11-21},
  number={1},
  volume={28}
}

@inproceedings{fu2009execution,
  title={Execution anomaly detection in distributed systems through unstructured log analysis},
  author={Fu, Qiang and Lou, Jian-Guang and Wang, Yi and Li, Jiang},
  booktitle={Data Mining, 2009. ICDM'09. Ninth IEEE International Conference on},
  pages={149--158},
  year={2009},
  organization={IEEE}
}

@book{kravets2015creativity,
  title={Creativity in Intelligent Technologies and Data Science: First Conference, CIT\&DS 2015, Volgograd, Russia, September 15-17, 2015. Proceedings},
  author={Kravets, Alla and Shcherbakov, Maxim and Kultsova, Marina and Shabalina, Olga},
  volume={535},
  year={2015},
  publisher={Springer}
}

@article{duchin2009markowitz,
  title={Markowitz versus the Talmudic portfolio diversification strategies},
  author={Duchin, Ran and Levy, Haim},
  journal={The Journal of Portfolio Management},
  volume={35},
  number={2},
  pages={71--74},
  year={2009},
  publisher={Institutional Investor Journals Umbrella}
}

@incollection{markopoulos2015sentiment,
  title={Sentiment analysis of hotel reviews in Greek: a comparison of unigram features},
  author={Markopoulos, George and Mikros, George and Iliadi, Anastasia and Liontos, Michalis},
  booktitle={Cultural tourism in a digital era},
  pages={373--383},
  year={2015},
  publisher={Springer}
}

@incollection{elnagar2018hotel,
  title={Hotel Arabic-reviews dataset construction for sentiment analysis applications},
  author={Elnagar, Ashraf and Khalifa, Yasmin S and Einea, Anas},
  booktitle={Intelligent natural language processing: Trends and applications},
  pages={35--52},
  year={2018},
  publisher={Springer}
}

@article{patel2020sentiment,
  title={Sentiment Analysis of Customers Opinions on Hotel Stays using Voted Classifier},
  author={Patel, Anurag and Chheda, Bhavya and Jain, Bhavik and Gidwani, Manya},
  journal={International Journal of Engineering Research \& Technology (IJERT)},
  volume={9},
  number={05},
  pages={827--833},
  year={2020}
}

@article{carreon2021relation,
  title={Relation Analysis between Hotel Review Rating Scores and Sentiment Analysis of Reviews by Chinese Tourists Visiting Japan},
  author={Carre{\'o}n, Elisa Claire Alem{\'a}n and Nonaka, Hirofumi and Hiraoka, Toru},
  journal={arXiv preprint arXiv:2110.00821},
  year={2021}
}

@article{двойникова2020аналитический,
  title={Аналитический обзор подходов к распознаванию тональности русскоязычных текстовых данных},
  author={Двойникова, Анастасия Александровна and Карпов, Алексей Анатольевич},
  journal={Информационно-управляющие системы},
  number={4 (107)},
  pages={20--30},
  year={2020},
  publisher={Федеральное государственное автономное образовательное учреждение высшего~…}
}

@article{сюрмаковприменение,
  title={Применение машинного обучения и Data Science в промышленности},
  author={Сюрмаков, Р}
}

@inproceedings{пазельская2011метод,
  title={Метод определения эмоций в текстах на русском языке},
  author={Пазельская, АГ and Соловьев, АН},
  booktitle={Компьютерная лингвистика и интеллектуальные технологии: По материалам ежегодной Международной конференции {\guillemotleft}Диалог{\guillemotright}(Бекасово, 25--29 мая 2011 г.). М.: Изд-во РГГУ},
  number={10},
  pages={17},
  year={2011}
}

@article{гималетдинова2021сентимент,
  title={Сентимент-анализ читательского комментария: автоматизированная VS ручная обработка текста},
  author={Гималетдинова, Гульнара Камилевна and Довтаева, Эмили Хамзатовна},
  journal={Ученые записки Казанского университета. Серия Гуманитарные науки},
  volume={163},
  number={1},
  pages={65--80},
  year={2021},
  publisher={Федеральное государственное автономное образовательное учреждение высшего~…}
}

@inproceedings{tran2019measuring,
  title={Measuring hotel review sentiment: An aspect-based sentiment analysis approach},
  author={Tran, Thang and Ba, Hung and Huynh, Van-Nam},
  booktitle={International Symposium on Integrated Uncertainty in Knowledge Modelling and Decision Making},
  pages={393--405},
  year={2019},
  organization={Springer}
}

@article{feldman2020behind,
  title={Behind the COVID Curtain: Analyzing Russia’s COVID-19 Response on Twitter Using Natural Language Processing and Deep Learning},
  author={Feldman, Tal},
  journal={Intersect: The Stanford Journal of Science, Technology, and Society},
  volume={14},
  number={3},
  year={2020}
}

@article{gujjar2021sentiment,
  title={Sentiment analysis: Textblob for decision making},
  author={Gujjar, J Praveen and Kumar, HP},
  journal={Int. J. Sci. Res. Eng. Trends},
  volume={7},
  number={2},
  pages={1097--1099},
  year={2021}
}

@inproceedings{pradha2019effective,
  title={Effective text data preprocessing technique for sentiment analysis in social media data},
  author={Pradha, Saurav and Halgamuge, Malka N and Vinh, Nguyen Tran Quoc},
  booktitle={2019 11th international conference on knowledge and systems engineering (KSE)},
  pages={1--8},
  year={2019},
  organization={IEEE}
}

@book{srinivasa2018natural,
  title={Natural Language Processing and Computational Linguistics: A practical guide to text analysis with Python, Gensim, spaCy, and Keras},
  author={Srinivasa-Desikan, Bhargav},
  year={2018},
  publisher={Packt Publishing Ltd}
}

@article{koltsova2016opinion,
  title={An opinion word lexicon and a training dataset for Russian sentiment analysis of social media},
  author={Koltsova, O Yu and Alexeeva, Svetlana and Kolcov, Sergei},
  journal={Computational Linguistics and Intellectual Technologies: Materials of DIALOGUE},
  volume={2016},
  pages={277--287},
  year={2016}
}

@inproceedings{pazelskaya2011method,
  title={A method of sentiment analysis in Russian texts},
  author={Pazelskaya, AG and Solovyev, A},
  booktitle={Proceedings of the Dialog 2011 the 17th International Conference On Computational Linguistics, Moscow region, Russia},
  year={2011}
}

@article{philander2016twitter,
  title={Twitter sentiment analysis: Capturing sentiment from integrated resort tweets},
  author={Philander, Kahlil and Zhong, Y and others},
  journal={International Journal of Hospitality Management},
  volume={55},
  number={2016},
  pages={16--24},
  year={2016},
  publisher={Elsevier Ltd}
}

@article{ahmad2022urdu,
  title={Urdu Speech and Text Based Sentiment Analyzer},
  author={Ahmad, Waqar and Edalati, Maryam},
  journal={arXiv e-prints},
  pages={arXiv--2207},
  year={2022}
}

@inproceedings{sysoev2021studying,
  title={Studying Comments on Russian Patriotic Actions: Sentiment Analysis Using NLP Techniques and ML Approaches},
  author={Sysoev, Anton and Linchenko, Andrei and Kalitvin, Vladimir and Anikin, Daniil and Golovashina, Oksana},
  booktitle={2021 3rd International Conference on Control Systems, Mathematical Modeling, Automation and Energy Efficiency (SUMMA)},
  pages={494--499},
  year={2021},
  organization={IEEE}
}

@article{bressert2012scipy,
  title={SciPy and NumPy: an overview for developers},
  author={Bressert, Eli},
  year={2012},
  publisher={" O'Reilly Media, Inc."}
}

@book{harrison2020pandas,
  title={Pandas 1. x Cookbook: Practical recipes for scientific computing, time series analysis, and exploratory data analysis using Python},
  author={Harrison, Matt and Petrou, Theodore},
  year={2020},
  publisher={Packt Publishing Ltd}
}