@article{cite4,
   author = {Alfonso Castro and Jorge Cossio and John M Neuberger},
   issue = {4},
   journal = {Rocky Mountain Journal of Mathematics},
   title = {A Sign-Changing Solution for a Superlinear Dirichlet Problem},
   volume = {27},
   year = {1997},
}